@misc{slides_professore,
  author    = {Mario Pavone},
  title     = {Intelligenza Artificiale},
  year      = {2024},
  note      = {Slides del corso di Intelligenza Artificiale, Universit√† degli studi di Catania},
  howpublished = {Materiale didattico},
}

@article{beasley1993overview,
  author    = {Beasley, John E.},
  title     = {An Overview of Genetic Algorithms: Part 1, Fundamentals},
  journal   = {University Computing},
  volume    = {15},
  number    = {2},
  pages     = {58--69},
  year      = {1993},
  note      = {Una panoramica sugli algoritmi genetici.}
}